%% This BibTeX bibliography file was created using BibDesk.
%% http://bibdesk.sourceforge.net/

%% Created for Jamie Zimmerman at 2018-05-12 13:41:05 -0700 


%% Saved with string encoding Unicode (UTF-8) 



@article{Kassab-deFranco-Laplante,
	Author = {Mohamad Kassab, Joanna F. DeFranco, Philip A. Laplante},
	Date-Added = {2018-05-12 20:31:57 +0000},
	Date-Modified = {2018-05-12 20:33:40 +0000},
	Journal = {IEEE Software},
	Keywords = {state of practice},
	Number = {5},
	Pages = {46-52},
	Title = {Software Testing: the State of the Practice},
	Volume = {34},
	Year = {2017}}

@article{Garousi-Felderer,
	Author = {Vahid Garousi and Michael Felderer},
	Date-Added = {2018-05-12 20:24:01 +0000},
	Date-Modified = {2018-05-12 20:27:32 +0000},
	Journal = {IEEE Software},
	Keywords = {state of practice},
	Month = {October},
	Number = {5},
	Pages = {38-45},
	Title = {Worlds Apart: Industrial and Academic focus areas in software testing},
	Volume = {34},
	Year = {2017}}

@article{Sathyavathy-Priyaa,
	Author = {V. Sathyavathy, D. Shanmuga Priyaa},
	Date-Added = {2018-05-12 20:18:35 +0000},
	Date-Modified = {2018-05-12 20:21:14 +0000},
	Journal = {Journal of Advanced Research in Dynamical and Control Systems},
	Keywords = {automated testing, state of practice},
	Number = {5},
	Pages = {1-11},
	Title = {Evaluation of Software Testing Techniques Using Automation Testing},
	Volume = {9},
	Year = {2017}}

@book{Guttag:2013:ICP:2500958,
	Author = {Guttag, John V.},
	Isbn = {0262525003, 9780262525008},
	Publisher = {The MIT Press},
	Title = {Introduction to Computation and Programming Using Python},
	Year = {2013}}

@misc{PythonLexYacc,
	Author = {Beazley, David},
	Howpublished = {\url{https://github.com/dabeaz/ply}},
	Journal = {GitHub repository},
	Publisher = {GitHub},
	Title = {Python Lex-Yacc},
	Year = {2018}}

@inproceedings{Lu:2018:URS:3184558.3186240,
	Acmid = {3186240},
	Address = {Republic and Canton of Geneva, Switzerland},
	Author = {Lu, Jianguo and Wang, Hao and Li, Dingding},
	Booktitle = {Companion Proceedings of the The Web Conference 2018},
	Doi = {10.1145/3184558.3186240},
	Isbn = {978-1-4503-5640-4},
	Keywords = {estimation, graph, sampling},
	Location = {Lyon, France},
	Numpages = {5},
	Pages = {495--499},
	Publisher = {International World Wide Web Conferences Steering Committee},
	Series = {WWW '18},
	Title = {Uniform Random Sampling Not Recommended},
	Url = {https://doi.org/10.1145/3184558.3186240},
	Year = {2018},
	Bdsk-Url-1 = {https://doi.org/10.1145/3184558.3186240}}

@inproceedings{Huang:2017:PRC:3019612.3019774,
	Acmid = {3019774},
	Address = {New York, NY, USA},
	Author = {Huang, Rubing and Zhou, Yunan and Chen, Tsong Yueh and Towey, Dave and Chen, Jinfu and Zong, Weiwen},
	Booktitle = {Proceedings of the Symposium on Applied Computing},
	Doi = {10.1145/3019612.3019774},
	Isbn = {978-1-4503-4486-9},
	Keywords = {combinatorial testing, random combinatorial test suite, random testing, software testing, test case prioritization},
	Location = {Marrakech, Morocco},
	Numpages = {7},
	Pages = {1183--1189},
	Publisher = {ACM},
	Series = {SAC '17},
	Title = {Prioritizing Random Combinatorial Test Suites},
	Url = {http://doi.acm.org/10.1145/3019612.3019774},
	Year = {2017},
	Bdsk-Url-1 = {http://doi.acm.org/10.1145/3019612.3019774},
	Bdsk-Url-2 = {https://doi.org/10.1145/3019612.3019774}}

@inproceedings{Sabor:2015:ART:2819261.2819271,
	Acmid = {2819271},
	Address = {Piscataway, NJ, USA},
	Author = {Sabor, Korosh Koochekian and Thiel, Stuart},
	Booktitle = {Proceedings of the 10th International Workshop on Automation of Software Test},
	Keywords = {adaptive random testing, random testing, static, static partitioning},
	Location = {Florence, Italy},
	Numpages = {5},
	Pages = {28--32},
	Publisher = {IEEE Press},
	Series = {AST '15},
	Title = {Adaptive Random Testing by Static Partitioning},
	Url = {http://dl.acm.org/citation.cfm?id=2819261.2819271},
	Year = {2015},
	Bdsk-Url-1 = {http://dl.acm.org/citation.cfm?id=2819261.2819271}}

@inproceedings{Zeller:2017:STS:3105427.3105438,
	Acmid = {3105438},
	Address = {Piscataway, NJ, USA},
	Author = {Zeller, Andreas},
	Booktitle = {Proceedings of the 10th International Workshop on Search-Based Software Testing},
	Doi = {10.1109/SBST.2017..3},
	Isbn = {978-1-5386-2789-1},
	Keywords = {constraint-based testing, random testing, search-based testing, software test generation, system testing},
	Location = {Buenos Aires, Argentina},
	Numpages = {2},
	Pages = {49--50},
	Publisher = {IEEE Press},
	Series = {SBST '17},
	Title = {Search-based Testing and System Testing: A Marriage in Heaven},
	Url = {https://doi.org/10.1109/SBST.2017..3},
	Year = {2017},
	Bdsk-Url-1 = {https://doi.org/10.1109/SBST.2017..3}}

@inproceedings{Hughes:2016:FMB:2896921.2896928,
	Acmid = {2896928},
	Address = {New York, NY, USA},
	Author = {Hughes, John and Norell, Ulf and Smallbone, Nicholas and Arts, Thomas},
	Booktitle = {Proceedings of the 11th International Workshop on Automation of Software Test},
	Doi = {10.1145/2896921.2896928},
	Isbn = {978-1-4503-4151-6},
	Keywords = {avoiding bugs, bug slippage, random testing},
	Location = {Austin, Texas},
	Numpages = {7},
	Pages = {71--77},
	Publisher = {ACM},
	Series = {AST '16},
	Title = {Find More Bugs with QuickCheck!},
	Url = {http://doi.acm.org/10.1145/2896921.2896928},
	Year = {2016},
	Bdsk-Url-1 = {http://doi.acm.org/10.1145/2896921.2896928},
	Bdsk-Url-2 = {https://doi.org/10.1145/2896921.2896928}}

@inproceedings{Yatoh:2015:FRT:2771783.2771805,
	Acmid = {2771805},
	Address = {New York, NY, USA},
	Author = {Yatoh, Kohsuke and Sakamoto, Kazunori and Ishikawa, Fuyuki and Honiden, Shinichi},
	Booktitle = {Proceedings of the 2015 International Symposium on Software Testing and Analysis},
	Doi = {10.1145/2771783.2771805},
	Isbn = {978-1-4503-3620-8},
	Keywords = {Diversity, Random testing, Test generation},
	Location = {Baltimore, MD, USA},
	Numpages = {11},
	Pages = {316--326},
	Publisher = {ACM},
	Series = {ISSTA 2015},
	Title = {Feedback-controlled Random Test Generation},
	Url = {http://doi.acm.org/10.1145/2771783.2771805},
	Year = {2015},
	Bdsk-Url-1 = {http://doi.acm.org/10.1145/2771783.2771805},
	Bdsk-Url-2 = {https://doi.org/10.1145/2771783.2771805}}
