%% This BibTeX bibliography file was created using BibDesk.
%% http://bibdesk.sourceforge.net/

%% Created for Jamie Zimmerman at 2018-05-13 22:42:12 -0700 


%% Saved with string encoding Unicode (UTF-8) 



@inproceedings{Arcuri:2011:ART:2001420.2001452,
	Acmid = {2001452},
	Address = {New York, NY, USA},
	Author = {Arcuri, Andrea and Briand, Lionel},
	Booktitle = {Proceedings of the 2011 International Symposium on Software Testing and Analysis},
	Date-Added = {2018-05-14 05:41:59 +0000},
	Date-Modified = {2018-05-14 05:41:59 +0000},
	Doi = {10.1145/2001420.2001452},
	Isbn = {978-1-4503-0562-4},
	Keywords = {F-measure, P-measure, distance, diversity, faulty region, random testing, shape, similarity},
	Location = {Toronto, Ontario, Canada},
	Numpages = {11},
	Pages = {265--275},
	Publisher = {ACM},
	Series = {ISSTA '11},
	Title = {Adaptive Random Testing: An Illusion of Effectiveness?},
	Url = {http://doi.acm.org/10.1145/2001420.2001452},
	Year = {2011},
	Bdsk-Url-1 = {http://doi.acm.org/10.1145/2001420.2001452},
	Bdsk-Url-2 = {https://doi.org/10.1145/2001420.2001452}}

@article{Bentley:1986:PPL:6424.315691,
	Acmid = {315691},
	Address = {New York, NY, USA},
	Author = {Bentley, Jon},
	Date-Added = {2018-01-16 02:58:12 +0000},
	Date-Modified = {2018-01-16 02:58:12 +0000},
	Doi = {10.1145/6424.315691},
	Issn = {0001-0782},
	Issue_Date = {Aug. 1986},
	Journal = {Commun. ACM},
	Month = aug,
	Number = {8},
	Numpages = {11},
	Pages = {711--721},
	Publisher = {ACM},
	Title = {Programming Pearls: Little Languages},
	Url = {http://doi.acm.org/10.1145/6424.315691},
	Volume = {29},
	Year = {1986},
	Bdsk-Url-1 = {http://doi.acm.org/10.1145/6424.315691},
	Bdsk-Url-2 = {https://dx.doi.org/10.1145/6424.315691}}

@inproceedings{Staats:2012:AOC:2337223.2337326,
	Acmid = {2337326},
	Address = {Piscataway, NJ, USA},
	Annote = {By seeding faults in mutant versions of a program, an existing test suite can find the variables most likely to cause faults in a program. By narrowing the size of the expected oracle values, the tester has significantly less work.
},
	Author = {Staats, Matt and Gay, Gregory and Heimdahl, Mats P. E.},
	Booktitle = {Proceedings of the 34th International Conference on Software Engineering},
	Date-Added = {2017-11-06 23:56:36 +0000},
	Date-Modified = {2017-11-06 23:56:45 +0000},
	Isbn = {978-1-4673-1067-3},
	Location = {Zurich, Switzerland},
	Numpages = {11},
	Pages = {870--880},
	Publisher = {IEEE Press},
	Series = {ICSE '12},
	Title = {Automated Oracle Creation Support, or: How I Learned to Stop Worrying About Fault Propagation and Love Mutation Testing},
	Url = {http://dl.acm.org/citation.cfm?id=2337223.2337326},
	Year = {2012},
	Bdsk-Url-1 = {http://dl.acm.org/citation.cfm?id=2337223.2337326}}

@inproceedings{Segura:2017:TAD:3103620.3103626,
	Acmid = {3103626},
	Address = {Piscataway, NJ, USA},
	Annote = {Since metamorphic testing is thriving, this group attempts to standardize the practice with a template so that practitioners who begin using the technique have a baseline approach that makes the transition easier.
},
	Author = {Segura, Sergio and Dur\'{a}n, Amador and Troya, Javier and Cort{\'e}s, Antonio Ruiz},
	Booktitle = {Proceedings of the 2Nd International Workshop on Metamorphic Testing},
	Date-Added = {2017-11-06 23:55:45 +0000},
	Date-Modified = {2017-11-06 23:55:54 +0000},
	Doi = {10.1109/MET.2017..3},
	Isbn = {978-1-5386-0424-3},
	Keywords = {metamorphic relation, metamorphic testing, templates},
	Location = {Buenos Aires, Argentina},
	Numpages = {7},
	Pages = {3--9},
	Publisher = {IEEE Press},
	Series = {MET '17},
	Title = {A Template-based Approach to Describing Metamorphic Relations},
	Url = {https://doi.org/10.1109/MET.2017..3},
	Year = {2017},
	Bdsk-Url-1 = {https://doi.org/10.1109/MET.2017..3},
	Bdsk-Url-2 = {http://dx.doi.org/10.1109/MET.2017..3}}

@inproceedings{Lindvall:2017:MMT:3103620.3103632,
	Acmid = {3103632},
	Address = {Piscataway, NJ, USA},
	Author = {Lindvall, Mikael and Porter, Adam and Magnusson, Gudjon and Schulze, Christoph},
	Booktitle = {Proceedings of the 2Nd International Workshop on Metamorphic Testing},
	Date-Added = {2017-11-06 23:55:02 +0000},
	Date-Modified = {2017-11-06 23:55:02 +0000},
	Doi = {10.1109/MET.2017..6},
	Isbn = {978-1-5386-0424-3},
	Keywords = {autonomous systems, metamorphic testing, model-based testing},
	Location = {Buenos Aires, Argentina},
	Numpages = {7},
	Pages = {35--41},
	Publisher = {IEEE Press},
	Series = {MET '17},
	Title = {Metamorphic Model-based Testing of Autonomous Systems},
	Url = {https://doi.org/10.1109/MET.2017..6},
	Year = {2017},
	Bdsk-Url-1 = {https://doi.org/10.1109/MET.2017..6},
	Bdsk-Url-2 = {http://dx.doi.org/10.1109/MET.2017..6}}

@inproceedings{Langdon:2017:IAT:3105427.3105429,
	Acmid = {3105429},
	Address = {Piscataway, NJ, USA},
	Annote = {Machine learning and artificial intelligence can generate partially correct oracles.},
	Author = {Langdon, William B. and Yoo, Shin and Harman, Mark},
	Booktitle = {Proceedings of the 10th International Workshop on Search-Based Software Testing},
	Date-Added = {2017-11-06 23:53:57 +0000},
	Date-Modified = {2017-11-06 23:54:14 +0000},
	Doi = {10.1109/SBST.2017..1},
	Isbn = {978-1-5386-2789-1},
	Keywords = {SBSE, deep testing, multiplicity computing, search based automatic oracles},
	Location = {Buenos Aires, Argentina},
	Numpages = {2},
	Pages = {5--6},
	Publisher = {IEEE Press},
	Series = {SBST '17},
	Title = {Inferring Automatic Test Oracles},
	Url = {https://doi.org/10.1109/SBST.2017..1},
	Year = {2017},
	Bdsk-Url-1 = {https://doi.org/10.1109/SBST.2017..1},
	Bdsk-Url-2 = {http://dx.doi.org/10.1109/SBST.2017..1}}

@inproceedings{Jahangirova:2017:OPS:3092703.3098235,
	Acmid = {3098235},
	Address = {New York, NY, USA},
	Annote = {A discussion on the benefits of oracle location: inside or outside the source code.
},
	Author = {Jahangirova, Gunel},
	Booktitle = {Proceedings of the 26th ACM SIGSOFT International Symposium on Software Testing and Analysis},
	Date-Added = {2017-11-06 23:52:32 +0000},
	Date-Modified = {2017-11-06 23:52:42 +0000},
	Doi = {10.1145/3092703.3098235},
	Isbn = {978-1-4503-5076-1},
	Keywords = {Oracle Problem, failed error propagation, mutation testing, oracle placement, test case generation, test oracle},
	Location = {Santa Barbara, CA, USA},
	Numpages = {4},
	Pages = {444--447},
	Publisher = {ACM},
	Series = {ISSTA 2017},
	Title = {Oracle Problem in Software Testing},
	Url = {http://doi.acm.org/10.1145/3092703.3098235},
	Year = {2017},
	Bdsk-Url-1 = {http://doi.acm.org/10.1145/3092703.3098235},
	Bdsk-Url-2 = {http://dx.doi.org/10.1145/3092703.3098235}}

@inproceedings{Goffi:2016:AGO:2931037.2931061,
	Acmid = {2931061},
	Address = {New York, NY, USA},
	Annote = {Manually written test cases might inadvertently miss boundary cases, but automatically generated cases do not have an oracle or know what it is testing. This group proposes a technique to process the comments on code with a natural language processing kit to generate oracles for exceptional edge cases.
},
	Author = {Goffi, Alberto and Gorla, Alessandra and Ernst, Michael D. and Pezz\`{e}, Mauro},
	Booktitle = {Proceedings of the 25th International Symposium on Software Testing and Analysis},
	Date-Added = {2017-11-06 23:51:31 +0000},
	Date-Modified = {2017-11-06 23:51:46 +0000},
	Doi = {10.1145/2931037.2931061},
	Isbn = {978-1-4503-4390-9},
	Keywords = {Testing, automatic test oracle, oracle generation, oracle problem},
	Location = {Saarbr\&\#252;cken, Germany},
	Numpages = {12},
	Pages = {213--224},
	Publisher = {ACM},
	Series = {ISSTA 2016},
	Title = {Automatic Generation of Oracles for Exceptional Behaviors},
	Url = {http://doi.acm.org/10.1145/2931037.2931061},
	Year = {2016},
	Bdsk-Url-1 = {http://doi.acm.org/10.1145/2931037.2931061},
	Bdsk-Url-2 = {http://dx.doi.org/10.1145/2931037.2931061}}

@inproceedings{Chen:2015:MTS:2819261.2819278,
	Acmid = {2819278},
	Address = {Piscataway, NJ, USA},
	Annote = {A discussion on metamorphic testing practices and applications.},
	Author = {Chen, Tsong Yueh},
	Booktitle = {Proceedings of the 10th International Workshop on Automation of Software Test},
	Date-Added = {2017-11-06 23:50:23 +0000},
	Date-Modified = {2017-11-06 23:50:34 +0000},
	Keywords = {metamorphic testing, test oracles},
	Location = {Florence, Italy},
	Numpages = {2},
	Pages = {53--54},
	Publisher = {IEEE Press},
	Series = {AST '15},
	Title = {Metamorphic Testing: A Simple Method for Alleviating the Test Oracle Problem},
	Url = {http://dl.acm.org/citation.cfm?id=2819261.2819278},
	Year = {2015},
	Bdsk-Url-1 = {http://dl.acm.org/citation.cfm?id=2819261.2819278}}

@inproceedings{Chen:2016:SOC:2970276.2970366,
	Acmid = {2970366},
	Address = {New York, NY, USA},
	Annote = {Static collection of fault-finding variables is a variant of the method that Staats, Gay, and Heimdahl proposed. 
},
	Author = {Chen, Junjie and Bai, Yanwei and Hao, Dan and Zhang, Lingming and Zhang, Lu and Xie, Bing and Mei, Hong},
	Booktitle = {Proceedings of the 31st IEEE/ACM International Conference on Automated Software Engineering},
	Date-Added = {2017-11-06 23:49:24 +0000},
	Date-Modified = {2017-11-06 23:49:49 +0000},
	Doi = {10.1145/2970276.2970366},
	Isbn = {978-1-4503-3845-5},
	Keywords = {oracle data selection, static analysis, test oracle},
	Location = {Singapore, Singapore},
	Numpages = {12},
	Pages = {178--189},
	Publisher = {ACM},
	Series = {ASE 2016},
	Title = {Supporting Oracle Construction via Static Analysis},
	Url = {http://doi.acm.org/10.1145/2970276.2970366},
	Year = {2016},
	Bdsk-Url-1 = {http://doi.acm.org/10.1145/2970276.2970366},
	Bdsk-Url-2 = {http://dx.doi.org/10.1145/2970276.2970366}}

@inproceedings{Carzaniga:2014:COI:2568225.2568287,
	Acmid = {2568287},
	Address = {New York, NY, USA},
	Annote = {Crosscheck results by replacing methods with their redundant friends, which automatically injects an oracle.
},
	Author = {Carzaniga, Antonio and Goffi, Alberto and Gorla, Alessandra and Mattavelli, Andrea and Pezz\`{e}, Mauro},
	Booktitle = {Proceedings of the 36th International Conference on Software Engineering},
	Date-Added = {2017-11-06 23:48:35 +0000},
	Date-Modified = {2017-11-06 23:48:47 +0000},
	Doi = {10.1145/2568225.2568287},
	Isbn = {978-1-4503-2756-5},
	Keywords = {Redundancy, oracle generation, test oracles},
	Location = {Hyderabad, India},
	Numpages = {12},
	Pages = {931--942},
	Publisher = {ACM},
	Series = {ICSE 2014},
	Title = {Cross-checking Oracles from Intrinsic Software Redundancy},
	Url = {http://doi.acm.org/10.1145/2568225.2568287},
	Year = {2014},
	Bdsk-Url-1 = {http://doi.acm.org/10.1145/2568225.2568287},
	Bdsk-Url-2 = {http://dx.doi.org/10.1145/2568225.2568287}}

@article{6963470,
	Annote = {This paper describes different testing techniques and methods of parsing an oracle.},
	Author = {E. T. Barr and M. Harman and P. McMinn and M. Shahbaz and S. Yoo},
	Date-Added = {2017-11-06 23:45:47 +0000},
	Date-Modified = {2017-11-06 23:46:11 +0000},
	Doi = {10.1109/TSE.2014.2372785},
	Issn = {0098-5589},
	Journal = {IEEE Transactions on Software Engineering},
	Keywords = {formal specification;program testing;contract-driven development;domain specific information;informal oracle guidance;informal specifications;metamorphic testing;oracle automation;software testing practice;software testing research;test oracle information;test oracle problem;Automation;Licenses;Market research;Probabilistic logic;Reliability;Software testing;Automatic testing;Test oracle;Testing formalism;automatic testing;testing formalism},
	Month = {May},
	Number = {5},
	Pages = {507-525},
	Title = {The Oracle Problem in Software Testing: A Survey},
	Volume = {41},
	Year = {2015},
	Bdsk-Url-1 = {http://dx.doi.org/10.1109/TSE.2014.2372785}}

@article{doi:10.1093/comjnl/25.4.465,
	Annote = {This paper defines what it means to be non-testable, and clearly describes the oracle problem and why it is so difficult to provide every expected value in an oracle.},
	Author = {Weyuker, Elaine J.},
	Date-Added = {2017-11-06 23:36:05 +0000},
	Date-Modified = {2017-11-08 06:22:18 +0000},
	Doi = {10.1093/comjnl/25.4.465},
	Eprint = {/oup/backfile/content_public/journal/comjnl/25/4/10.1093/comjnl/25.4.465/2/25-4-465.pdf},
	Journal = {The Computer Journal},
	Number = {4},
	Pages = {465-470},
	Read = {0},
	Title = {On Testing Non-Testable Programs},
	Url = {+ http://dx.doi.org/10.1093/comjnl/25.4.465},
	Volume = {25},
	Year = {1982},
	Bdsk-Url-1 = {+%20http://dx.doi.org/10.1093/comjnl/25.4.465},
	Bdsk-Url-2 = {http://dx.doi.org/10.1093/comjnl/25.4.465}}
