%% This BibTeX bibliography file was created using BibDesk.
%% http://bibdesk.sourceforge.net/

%% Created for Jamie Zimmerman at 2018-04-05 20:08:40 -0700 


%% Saved with string encoding Unicode (UTF-8) 



@inproceedings{Haller:2010:TDC:1838126.1838132,
	Acmid = {1838132},
	Address = {New York, NY, USA},
	Annote = {Generators for data in DB testing},
	Articleno = {6},
	Author = {Haller, Klaus},
	Booktitle = {Proceedings of the Third International Workshop on Testing Database Systems},
	Date-Added = {2018-04-06 03:07:52 +0000},
	Date-Modified = {2018-04-06 03:08:00 +0000},
	Doi = {10.1145/1838126.1838132},
	Isbn = {978-1-4503-0190-9},
	Keywords = {databases, information systems, test coverage, test data, testing},
	Location = {Indianapolis, Indiana},
	Numpages = {6},
	Pages = {6:1--6:6},
	Publisher = {ACM},
	Series = {DBTest '10},
	Title = {The Test Data Challenge for Database-driven Applications},
	Url = {http://doi.acm.org/10.1145/1838126.1838132},
	Year = {2010},
	Bdsk-Url-1 = {http://doi.acm.org/10.1145/1838126.1838132},
	Bdsk-Url-2 = {http://dx.doi.org/10.1145/1838126.1838132}}

@inproceedings{Palka:2011:TOC:1982595.1982615,
	Acmid = {1982615},
	Address = {New York, NY, USA},
	Annote = {Randomly generated programs plus test data to test a compiler!},
	Author = {Pa\lka, Micha\l H. and Claessen, Koen and Russo, Alejandro and Hughes, John},
	Booktitle = {Proceedings of the 6th International Workshop on Automation of Software Test},
	Date-Added = {2018-04-06 03:06:41 +0000},
	Date-Modified = {2018-04-06 03:06:44 +0000},
	Doi = {10.1145/1982595.1982615},
	Isbn = {978-1-4503-0592-1},
	Keywords = {random testing, software testing},
	Location = {Waikiki, Honolulu, HI, USA},
	Numpages = {7},
	Pages = {91--97},
	Publisher = {ACM},
	Series = {AST '11},
	Title = {Testing an Optimising Compiler by Generating Random Lambda Terms},
	Url = {http://doi.acm.org/10.1145/1982595.1982615},
	Year = {2011},
	Bdsk-Url-1 = {http://doi.acm.org/10.1145/1982595.1982615},
	Bdsk-Url-2 = {http://dx.doi.org/10.1145/1982595.1982615}}

@inproceedings{Misailovic:2007:PTG:1287624.1287645,
	Acmid = {1287645},
	Address = {New York, NY, USA},
	Annote = {Some kind of test generation who knows.},
	Author = {Misailovic, Sasa and Milicevic, Aleksandar and Petrovic, Nemanja and Khurshid, Sarfraz and Marinov, Darko},
	Booktitle = {Proceedings of the the 6th Joint Meeting of the European Software Engineering Conference and the ACM SIGSOFT Symposium on The Foundations of Software Engineering},
	Date-Added = {2018-04-06 03:05:46 +0000},
	Date-Modified = {2018-04-06 03:05:49 +0000},
	Doi = {10.1145/1287624.1287645},
	Isbn = {978-1-59593-811-4},
	Keywords = {Korat, bounded-exhaustive testing, parallel testing, test data generation},
	Location = {Dubrovnik, Croatia},
	Numpages = {10},
	Pages = {135--144},
	Publisher = {ACM},
	Series = {ESEC-FSE '07},
	Title = {Parallel Test Generation and Execution with Korat},
	Url = {http://doi.acm.org/10.1145/1287624.1287645},
	Year = {2007},
	Bdsk-Url-1 = {http://doi.acm.org/10.1145/1287624.1287645},
	Bdsk-Url-2 = {http://dx.doi.org/10.1145/1287624.1287645}}

@inproceedings{Fraser:2017:SEM:3099023.3099046,
	Acmid = {3099046},
	Address = {New York, NY, USA},
	Annote = {Generating push notification mobile info.},
	Author = {Fraser, Kieran and Yousuf, Bilal and Conlan, Owen},
	Booktitle = {Adjunct Publication of the 25th Conference on User Modeling, Adaptation and Personalization},
	Date-Added = {2018-04-06 03:04:09 +0000},
	Date-Modified = {2018-04-06 03:04:12 +0000},
	Doi = {10.1145/3099023.3099046},
	Isbn = {978-1-4503-5067-9},
	Keywords = {notification management, open-source mobile notification dataset, shared data, synthetic data creation},
	Location = {Bratislava, Slovakia},
	Numpages = {6},
	Pages = {179--184},
	Publisher = {ACM},
	Series = {UMAP '17},
	Title = {Synthesis \&\#38; Evaluation of a Mobile Notification Dataset},
	Url = {http://doi.acm.org/10.1145/3099023.3099046},
	Year = {2017},
	Bdsk-Url-1 = {http://doi.acm.org/10.1145/3099023.3099046},
	Bdsk-Url-2 = {http://dx.doi.org/10.1145/3099023.3099046}}

@inproceedings{Murphy:2007:PRT:1292414.1292425,
	Acmid = {1292425},
	Address = {New York, NY, USA},
	Annote = {Probably the best. Generate data using observations of parameterized classes, but still randomly!},
	Author = {Murphy, Christian and Kaiser, Gail and Arias, Marta},
	Booktitle = {Proceedings of the 2Nd International Workshop on Random Testing: Co-located with the 22Nd IEEE/ACM International Conference on Automated Software Engineering (ASE 2007)},
	Date-Added = {2018-04-06 03:00:13 +0000},
	Date-Modified = {2018-04-06 03:00:39 +0000},
	Doi = {10.1145/1292414.1292425},
	Isbn = {978-1-59593-881-7},
	Keywords = {random test data generation, software testing},
	Location = {Atlanta, Georgia},
	Numpages = {4},
	Pages = {38--41},
	Publisher = {ACM},
	Series = {RT '07},
	Title = {Parameterizing Random Test Data According to Equivalence Classes},
	Url = {http://doi.acm.org/10.1145/1292414.1292425},
	Year = {2007},
	Bdsk-Url-1 = {http://doi.acm.org/10.1145/1292414.1292425},
	Bdsk-Url-2 = {http://dx.doi.org/10.1145/1292414.1292425}}

@inproceedings{Souza:2016:SMT:2897010.2897012,
	Acmid = {2897012},
	Address = {New York, NY, USA},
	Annote = {Similar to Harmon. Use hillclimbing to generate data somehow.},
	Author = {Souza, Francisco Carlos M. and Papadakis, Mike and Le Traon, Yves and Delamaro, M\'{a}rcio E.},
	Booktitle = {Proceedings of the 9th International Workshop on Search-Based Software Testing},
	Date-Added = {2018-04-06 02:58:43 +0000},
	Date-Modified = {2018-04-06 02:58:51 +0000},
	Doi = {10.1145/2897010.2897012},
	Isbn = {978-1-4503-4166-0},
	Keywords = {mutation testing, search-based software testing, test data generation},
	Location = {Austin, Texas},
	Numpages = {10},
	Pages = {45--54},
	Publisher = {ACM},
	Series = {SBST '16},
	Title = {Strong Mutation-based Test Data Generation Using Hill Climbing},
	Url = {http://doi.acm.org/10.1145/2897010.2897012},
	Year = {2016},
	Bdsk-Url-1 = {http://doi.acm.org/10.1145/2897010.2897012},
	Bdsk-Url-2 = {http://dx.doi.org/10.1145/2897010.2897012}}

@inproceedings{Patrick:2016:ATI:2970276.2970333,
	Acmid = {2970333},
	Address = {New York, NY, USA},
	Annote = {Probably the best. Spatial statistics to generate realistic properties.},
	Author = {Patrick, Matthew and Castle, Matthew D. and Stutt, Richard O. J. H. and Gilligan, Christopher A.},
	Booktitle = {Proceedings of the 31st IEEE/ACM International Conference on Automated Software Engineering},
	Date-Added = {2018-04-06 02:56:58 +0000},
	Date-Modified = {2018-04-06 02:57:02 +0000},
	Doi = {10.1145/2970276.2970333},
	Isbn = {978-1-4503-3845-5},
	Keywords = {image processing, software testing, test data generation},
	Location = {Singapore, Singapore},
	Numpages = {6},
	Pages = {654--659},
	Publisher = {ACM},
	Series = {ASE 2016},
	Title = {Automatic Test Image Generation Using Procedural Noise},
	Url = {http://doi.acm.org/10.1145/2970276.2970333},
	Year = {2016},
	Bdsk-Url-1 = {http://doi.acm.org/10.1145/2970276.2970333},
	Bdsk-Url-2 = {http://dx.doi.org/10.1145/2970276.2970333}}

@inproceedings{Vincenzi:2016:CAA:2994291.2994295,
	Acmid = {2994295},
	Address = {New York, NY, USA},
	Annote = {Don't automate tests - write them by hand for better fault finding and code coverage.},
	Author = {Vincenzi, Auri M. R. and Bachiega, Tiago and de Oliveira, Daniel G. and de Souza, Simone R. S. and Maldonado, Jos{\'e} C.},
	Booktitle = {Proceedings of the 7th International Workshop on Automating Test Case Design, Selection, and Evaluation},
	Date-Added = {2018-04-06 02:55:50 +0000},
	Date-Modified = {2018-04-06 02:55:53 +0000},
	Doi = {10.1145/2994291.2994295},
	Isbn = {978-1-4503-4401-2},
	Keywords = {Automated Test Data Generation, Automated Testing, Manual Testing, Software Testing},
	Location = {Seattle, WA, USA},
	Numpages = {8},
	Pages = {23--30},
	Publisher = {ACM},
	Series = {A-TEST 2016},
	Title = {The Complementary Aspect of Automatically and Manually Generated Test Case Sets},
	Url = {http://doi.acm.org/10.1145/2994291.2994295},
	Year = {2016},
	Bdsk-Url-1 = {http://doi.acm.org/10.1145/2994291.2994295},
	Bdsk-Url-2 = {http://dx.doi.org/10.1145/2994291.2994295}}

@inproceedings{Muslu:2015:PDE:2771783.2771792,
	Acmid = {2771792},
	Address = {New York, NY, USA},
	Annote = {An approach to identifying bad data},
	Author = {Mu\c{s}lu, K\ivan\c{c} and Brun, Yuriy and Meliou, Alexandra},
	Booktitle = {Proceedings of the 2015 International Symposium on Software Testing and Analysis},
	Date-Added = {2018-04-06 02:54:39 +0000},
	Date-Modified = {2018-04-06 02:54:43 +0000},
	Doi = {10.1145/2771783.2771792},
	Isbn = {978-1-4503-3620-8},
	Keywords = {continuous testing, data debugging, data testing},
	Location = {Baltimore, MD, USA},
	Numpages = {12},
	Pages = {373--384},
	Publisher = {ACM},
	Series = {ISSTA 2015},
	Title = {Preventing Data Errors with Continuous Testing},
	Url = {http://doi.acm.org/10.1145/2771783.2771792},
	Year = {2015},
	Bdsk-Url-1 = {http://doi.acm.org/10.1145/2771783.2771792},
	Bdsk-Url-2 = {http://dx.doi.org/10.1145/2771783.2771792}}

@article{Gotterbarn:2016:CFC:2874239.2874248,
	Acmid = {2874248},
	Address = {New York, NY, USA},
	Annote = {Fake data that is too accurate may be bad for software testing?},
	Author = {Gotterbarn, Don},
	Date-Added = {2018-04-06 02:53:21 +0000},
	Date-Modified = {2018-04-06 02:53:25 +0000},
	Doi = {10.1145/2874239.2874248},
	Issn = {0095-2737},
	Issue_Date = {September 2015},
	Journal = {SIGCAS Comput. Soc.},
	Keywords = {big data, data integrity, data misuse, professional responsibility},
	Month = jan,
	Number = {3},
	Numpages = {8},
	Pages = {60--67},
	Publisher = {ACM},
	Title = {The Creation of Facts in the Cloud: A Fiction in the Making},
	Url = {http://doi.acm.org/10.1145/2874239.2874248},
	Volume = {45},
	Year = {2016},
	Bdsk-Url-1 = {http://doi.acm.org/10.1145/2874239.2874248},
	Bdsk-Url-2 = {http://dx.doi.org/10.1145/2874239.2874248}}

@inproceedings{Harman:2011:SHO:2025113.2025144,
	Acmid = {2025144},
	Address = {New York, NY, USA},
	Annote = {Mutant testing, a particular approach to generating mutants that i don't understand},
	Author = {Harman, Mark and Jia, Yue and Langdon, William B.},
	Booktitle = {Proceedings of the 19th ACM SIGSOFT Symposium and the 13th European Conference on Foundations of Software Engineering},
	Date-Added = {2018-04-06 02:48:37 +0000},
	Date-Modified = {2018-04-06 02:52:11 +0000},
	Doi = {10.1145/2025113.2025144},
	Isbn = {978-1-4503-0443-6},
	Keywords = {mutation testing, test data generation},
	Location = {Szeged, Hungary},
	Numpages = {11},
	Pages = {212--222},
	Publisher = {ACM},
	Series = {ESEC/FSE '11},
	Title = {Strong Higher Order Mutation-based Test Data Generation},
	Url = {http://doi.acm.org/10.1145/2025113.2025144},
	Year = {2011},
	Bdsk-Url-1 = {http://doi.acm.org/10.1145/2025113.2025144},
	Bdsk-Url-2 = {http://dx.doi.org/10.1145/2025113.2025144}}

@article{Chays:2000:FTD:347636.348954,
	Acmid = {348954},
	Address = {New York, NY, USA},
	Annote = {Data Fabrication must include mix of data both real and fake, but real enough to pass the database schema.},
	Author = {Chays, David and Dan, Saikat and Frankl, Phyllis G. and Vokolos, Filippos I. and Weyuker, Elaine J.},
	Date-Added = {2018-04-06 02:47:10 +0000},
	Date-Modified = {2018-04-06 02:47:32 +0000},
	Doi = {10.1145/347636.348954},
	Issn = {0163-5948},
	Issue_Date = {Sept. 2000},
	Journal = {SIGSOFT Softw. Eng. Notes},
	Keywords = {database, software testing, test data},
	Month = aug,
	Number = {5},
	Numpages = {11},
	Pages = {147--157},
	Publisher = {ACM},
	Title = {A Framework for Testing Database Applications},
	Url = {http://doi.acm.org/10.1145/347636.348954},
	Volume = {25},
	Year = {2000},
	Bdsk-Url-1 = {http://doi.acm.org/10.1145/347636.348954},
	Bdsk-Url-2 = {http://dx.doi.org/10.1145/347636.348954}}

@article{Tiwari:2013:RRT:2439976.2439982,
	Acmid = {2439982},
	Address = {New York, NY, USA},
	Annote = {Model-based testing! the model generates data. Surely this data is random.},
	Author = {Tiwari, Rajeev and Goel, Noopur},
	Date-Added = {2018-04-06 02:37:50 +0000},
	Date-Modified = {2018-04-06 02:38:11 +0000},
	Doi = {10.1145/2439976.2439982},
	Issn = {0163-5948},
	Issue_Date = {March 2013},
	Journal = {SIGSOFT Softw. Eng. Notes},
	Keywords = {reusable test cases, reuse-oriented test approaches, software product lines, test effort},
	Month = mar,
	Number = {2},
	Numpages = {11},
	Pages = {1--11},
	Publisher = {ACM},
	Title = {Reuse: Reducing Test Effort},
	Url = {http://doi.acm.org/10.1145/2439976.2439982},
	Volume = {38},
	Year = {2013},
	Bdsk-Url-1 = {http://doi.acm.org/10.1145/2439976.2439982},
	Bdsk-Url-2 = {http://dx.doi.org/10.1145/2439976.2439982}}

@inproceedings{Gupta:2011:MBA:2002931.2002932,
	Acmid = {2002932},
	Address = {New York, NY, USA},
	Annote = {Test Case Generation - but how?},
	Author = {Gupta, Priya and Surve, Prafullakumar},
	Booktitle = {Proceedings of the First International Workshop on End-to-End Test Script Engineering},
	Date-Added = {2018-04-06 02:31:10 +0000},
	Date-Modified = {2018-04-06 02:31:15 +0000},
	Doi = {10.1145/2002931.2002932},
	Isbn = {978-1-4503-0808-3},
	Keywords = {model based approach, test case maintenance, test execution, test scripts, test-automation, test-case generation},
	Location = {Toronto, Ontario, Canada},
	Numpages = {7},
	Pages = {1--7},
	Publisher = {ACM},
	Series = {ETSE '11},
	Title = {Model Based Approach to Assist Test Case Creation, Execution, and Maintenance for Test Automation},
	Url = {http://doi.acm.org/10.1145/2002931.2002932},
	Year = {2011},
	Bdsk-Url-1 = {http://doi.acm.org/10.1145/2002931.2002932},
	Bdsk-Url-2 = {http://dx.doi.org/10.1145/2002931.2002932}}

@inproceedings{Maurus:2017:LSY:3097983.3098101,
	Acmid = {3098101},
	Address = {New York, NY, USA},
	Annote = {Observing and calculating large data to observe trends. Used here to detect anomalies that indicate security breaches.},
	Author = {Maurus, Samuel and Plant, Claudia},
	Booktitle = {Proceedings of the 23rd ACM SIGKDD International Conference on Knowledge Discovery and Data Mining},
	Date-Added = {2018-04-06 02:25:26 +0000},
	Date-Modified = {2018-04-06 02:25:30 +0000},
	Doi = {10.1145/3097983.3098101},
	Isbn = {978-1-4503-4887-4},
	Keywords = {anomaly detection, benford's law, data streams, nonparametric statistical tests, time series data},
	Location = {Halifax, NS, Canada},
	Numpages = {10},
	Pages = {977--986},
	Publisher = {ACM},
	Series = {KDD '17},
	Title = {Let's See Your Digits: Anomalous-State Detection Using Benford's Law},
	Url = {http://doi.acm.org/10.1145/3097983.3098101},
	Year = {2017},
	Bdsk-Url-1 = {http://doi.acm.org/10.1145/3097983.3098101},
	Bdsk-Url-2 = {http://dx.doi.org/10.1145/3097983.3098101}}

@article{Heller:2016:CDK:2946645.2946674,
	Acmid = {2946674},
	Annote = {Can read histogram bins and learn something about them. Data generation. Important note on advent of Kolmogorov-Smirnov tests --- look in to this more.},
	Author = {Heller, Ruth and Heller, Yair and Kaufman, Shachar and Brill, Barak and Gorfine, Malka},
	Date-Added = {2018-04-06 02:23:09 +0000},
	Date-Modified = {2018-04-06 02:23:24 +0000},
	Issn = {1532-4435},
	Issue_Date = {January 2016},
	Journal = {J. Mach. Learn. Res.},
	Keywords = {HHG R package, bivariate distribution, mutual information, nonparametric test, statistical independence, two-sample test},
	Month = jan,
	Number = {1},
	Numpages = {54},
	Pages = {978--1031},
	Publisher = {JMLR.org},
	Title = {Consistent Distribution-free K-sample and Independence Tests for Univariate Random Variables},
	Url = {http://dl.acm.org/citation.cfm?id=2946645.2946674},
	Volume = {17},
	Year = {2016},
	Bdsk-Url-1 = {http://dl.acm.org/citation.cfm?id=2946645.2946674}}

@inproceedings{Song:2007:SCD:1281192.1281264,
	Acmid = {1281264},
	Address = {New York, NY, USA},
	Annote = {A method for determining if a subset of data follows the law of large numbers shape. Possibly interesting for determing if random statistical distribution can generate good data sets.},
	Author = {Song, Xiuyao and Wu, Mingxi and Jermaine, Christopher and Ranka, Sanjay},
	Booktitle = {Proceedings of the 13th ACM SIGKDD International Conference on Knowledge Discovery and Data Mining},
	Date-Added = {2018-04-06 02:19:27 +0000},
	Date-Modified = {2018-04-06 02:19:33 +0000},
	Doi = {10.1145/1281192.1281264},
	Isbn = {978-1-59593-609-7},
	Keywords = {change detection, density test, kernel density estimation},
	Location = {San Jose, California, USA},
	Numpages = {10},
	Pages = {667--676},
	Publisher = {ACM},
	Series = {KDD '07},
	Title = {Statistical Change Detection for Multi-dimensional Data},
	Url = {http://doi.acm.org/10.1145/1281192.1281264},
	Year = {2007},
	Bdsk-Url-1 = {http://doi.acm.org/10.1145/1281192.1281264},
	Bdsk-Url-2 = {http://dx.doi.org/10.1145/1281192.1281264}}

@inproceedings{Liblit:2008:CDF:1390630.1390632,
	Acmid = {1390632},
	Address = {New York, NY, USA},
	Author = {Liblit, Ben},
	Booktitle = {Proceedings of the 2008 International Symposium on Software Testing and Analysis},
	Date-Added = {2018-04-06 02:10:46 +0000},
	Date-Modified = {2018-04-06 02:10:46 +0000},
	Doi = {10.1145/1390630.1390632},
	Isbn = {978-1-60558-050-0},
	Keywords = {cooperative bug isolation, statistical debugging},
	Location = {Seattle, WA, USA},
	Numpages = {2},
	Pages = {119--120},
	Publisher = {ACM},
	Series = {ISSTA '08},
	Title = {Cooperative Debugging with Five Hundred Million Test Cases},
	Url = {http://doi.acm.org/10.1145/1390630.1390632},
	Year = {2008},
	Bdsk-Url-1 = {http://doi.acm.org/10.1145/1390630.1390632},
	Bdsk-Url-2 = {http://dx.doi.org/10.1145/1390630.1390632}}

@inproceedings{Canonne:2016:FBE:2902251.2902274,
	Acmid = {2902274},
	Address = {New York, NY, USA},
	Annote = {Create a data set with a particular distribution. This data set is huge. Graph it in a histogram. Is there an algorithm that can identify what distribution the data set is by looking at the histogram? How few buckets can there be before the algorithm can't decide anymore?},
	Author = {Canonne, Cl{\'e}ment L.},
	Booktitle = {Proceedings of the 35th ACM SIGMOD-SIGACT-SIGAI Symposium on Principles of Database Systems},
	Date-Added = {2018-04-06 02:09:55 +0000},
	Date-Modified = {2018-04-06 02:14:37 +0000},
	Doi = {10.1145/2902251.2902274},
	Isbn = {978-1-4503-4191-2},
	Keywords = {distribution testing, histograms, probability distributions, property testing, sublinear algorithms},
	Location = {San Francisco, California, USA},
	Numpages = {9},
	Pages = {455--463},
	Publisher = {ACM},
	Series = {PODS '16},
	Title = {Are Few Bins Enough: Testing Histogram Distributions},
	Url = {http://doi.acm.org/10.1145/2902251.2902274},
	Year = {2016},
	Bdsk-Url-1 = {http://doi.acm.org/10.1145/2902251.2902274},
	Bdsk-Url-2 = {http://dx.doi.org/10.1145/2902251.2902274}}

@article{Kim:2015:PAK:2774955.2699716,
	Acmid = {2699716},
	Address = {New York, NY, USA},
	Annote = {Is it possible to generate a huge dataset and then cut it down such that it still follows the shape of the law of large numbers.},
	Articleno = {24},
	Author = {Kim, Song-Hee and Whitt, Ward},
	Date-Added = {2018-04-06 02:09:09 +0000},
	Date-Modified = {2018-04-06 02:16:54 +0000},
	Doi = {10.1145/2699716},
	Issn = {1049-3301},
	Issue_Date = {November 2015},
	Journal = {ACM Trans. Model. Comput. Simul.},
	Keywords = {Hypothesis tests, Kolmogorov-Smirnov statistical test, data transformations, power},
	Month = may,
	Number = {4},
	Numpages = {22},
	Pages = {24:1--24:22},
	Publisher = {ACM},
	Title = {The Power of Alternative Kolmogorov-Smirnov Tests Based on Transformations of the Data},
	Url = {http://doi.acm.org/10.1145/2699716},
	Volume = {25},
	Year = {2015},
	Bdsk-Url-1 = {http://doi.acm.org/10.1145/2699716},
	Bdsk-Url-2 = {http://dx.doi.org/10.1145/2699716}}

@online{VisIt,
  author = {Lawrence Livermore National Laboratory},
  title = {About {V}is{I}t},
  url = {https://wci.llnl.gov/simulation/computer-codes/visit/},
  urldate = {2010-09-30}
}